<record><leader>00000cas a2200000 a 4500</leader><controlfield tag="001">11280205</controlfield><controlfield tag="008">841018d1861187uiluwr ne      0   a0eng c</controlfield><datafield ind1=" " ind2=" " tag="010"><subfield code="a">sn 84038354 </subfield></datafield><datafield ind1=" " ind2=" " tag="040"><subfield code="a">NPX</subfield><subfield code="b">eng</subfield><subfield code="c">NPX</subfield><subfield code="d">NVF</subfield><subfield code="d">OCL</subfield><subfield code="d">CVF</subfield><subfield code="d">NVF</subfield><subfield code="d">OCLCQ</subfield><subfield code="d">NVF</subfield><subfield code="d">OCLCF</subfield><subfield code="d">OCLCO</subfield></datafield><datafield ind1="1" ind2=" " tag="029"><subfield code="a">AU@</subfield><subfield code="b">000020232865</subfield></datafield><datafield ind1=" " ind2=" " tag="042"><subfield code="a">pcc</subfield></datafield><datafield ind1=" " ind2=" " tag="043"><subfield code="a">n-us-il</subfield></datafield><datafield ind1="0" ind2=" " tag="130"><subfield code="a">Belleville advocate (Belleville, Ill. : 1861)</subfield></datafield><datafield ind1="1" ind2="0" tag="245"><subfield code="a">Belleville advocate.</subfield></datafield><datafield ind1="1" ind2="3" tag="246"><subfield code="a">Advocate</subfield><subfield code="f">Jan. 10-Dec. 26, 1862</subfield></datafield><datafield ind1=" " ind2=" " tag="260"><subfield code="a">Belleville, Ill. :</subfield><subfield code="b">F.M. Hawes,</subfield><subfield code="c">1861-[187-?].</subfield></datafield><datafield ind1=" " ind2=" " tag="300"><subfield code="a">v.</subfield></datafield><datafield ind1=" " ind2=" " tag="310"><subfield code="a">Weekly,</subfield><subfield code="b">Oct. 4, 1867-&lt;Feb. 24, 1871&gt;</subfield></datafield><datafield ind1=" " ind2=" " tag="321"><subfield code="a">Weekly,</subfield><subfield code="b">1861-Aug. 16, 1867</subfield></datafield><datafield ind1=" " ind2=" " tag="321"><subfield code="a">Semiweekly,</subfield><subfield code="b">Aug. 20-Oct. 1, 1867</subfield></datafield><datafield ind1="0" ind2=" " tag="362"><subfield code="a">Vol. 22, no. 52 (Oct. 11, 1861)-</subfield></datafield><datafield ind1=" " ind2=" " tag="500"><subfield code="a">Published as: The Advocate, Jan. 10-Dec. 26, 1862.</subfield></datafield><datafield ind1=" " ind2=" " tag="588"><subfield code="a">Latest issue consulted: Feb. 24, 1871.</subfield></datafield><datafield ind1=" " ind2="0" tag="651"><subfield code="a">Belleville (Ill.)</subfield><subfield code="v">Newspapers.</subfield></datafield><datafield ind1=" " ind2="7" tag="655"><subfield code="a">Newspapers.</subfield><subfield code="2">fast</subfield><subfield code="0">(OCoLC)fst01423814</subfield></datafield><datafield ind1=" " ind2="7" tag="651"><subfield code="a">Illinois</subfield><subfield code="z">Belleville.</subfield><subfield code="2">fast</subfield><subfield code="0">(OCoLC)fst01202799</subfield></datafield><datafield ind1=" " ind2=" " tag="752"><subfield code="a">United States</subfield><subfield code="b">Illinois</subfield><subfield code="c">Saint Clair</subfield><subfield code="d">Belleville.</subfield></datafield><datafield ind1="0" ind2="0" tag="780"><subfield code="t">Belleville weekly advocate and St. Clair County news letter</subfield><subfield code="w">(DLC)sn 91054230</subfield><subfield code="w">(OCoLC)25160566</subfield></datafield><datafield ind1="0" ind2="0" tag="785"><subfield code="t">Belleville weekly advocate (Belleville, Ill. : 1872)</subfield><subfield code="w">(DLC)sn 85033409</subfield><subfield code="w">(OCoLC)11944384</subfield></datafield></record>